<record><leader>00000cas a22000007a 4500</leader><controlfield tag="001">14510855</controlfield><controlfield tag="008">861023d188u1911inudn ne      0    0eng d</controlfield><datafield ind1=" " ind2=" " tag="010"><subfield code="a">sn 86058800 </subfield></datafield><datafield ind1=" " ind2=" " tag="040"><subfield code="a">NPI</subfield><subfield code="b">eng</subfield><subfield code="c">NPI</subfield><subfield code="d">DLC</subfield><subfield code="d">NPI</subfield><subfield code="d">OCLCQ</subfield></datafield><datafield ind1=" " ind2=" " tag="042"><subfield code="a">msc</subfield></datafield><datafield ind1="0" ind2=" " tag="130"><subfield code="a">Evening herald (Huntington, Ind.)</subfield></datafield><datafield ind1="1" ind2="0" tag="245"><subfield code="a">Evening herald.</subfield></datafield><datafield ind1=" " ind2=" " tag="260"><subfield code="a">Huntington, Ind. :</subfield><subfield code="b">Herald &amp; News Express Co.,</subfield><subfield code="c">-1911.</subfield></datafield><datafield ind1=" " ind2=" " tag="300"><subfield code="a">v. :</subfield><subfield code="b">ill. ;</subfield><subfield code="c">56-61 cm.</subfield></datafield><datafield ind1=" " ind2=" " tag="310"><subfield code="a">Daily (except Sun.)</subfield></datafield><datafield ind1="0" ind2=" " tag="362"><subfield code="a">-27th year, no. 286 (Dec. 2, 1911).</subfield></datafield><datafield ind1=" " ind2=" " tag="580"><subfield code="a">Issued also in weekly editions called: Huntington weekly herald (Huntington, Ind.), Huntington herald (Huntington, Ind. : Weekly : 1908), and Huntington herald (Huntington, Ind. : Mid-weekly ed.).</subfield></datafield><datafield ind1=" " ind2=" " tag="580"><subfield code="a">Merged with: Morning herald (Huntington, Ind.), and: Morning times-Democrat, to form: Huntington herald (Huntington, Ind. : Daily).</subfield></datafield><datafield ind1=" " ind2=" " tag="588"><subfield code="a">Description based on: 12th year, no. 285 (Nov. 30, 1894).</subfield></datafield><datafield ind1=" " ind2=" " tag="752"><subfield code="a">United States</subfield><subfield code="b">Indiana</subfield><subfield code="c">Huntington</subfield><subfield code="d">Huntington.</subfield></datafield><datafield ind1="1" ind2=" " tag="775"><subfield code="t">Huntington weekly herald (Huntington, Ind.)</subfield><subfield code="w">(DLC)sn 86058930</subfield><subfield code="w">(OCoLC)14701652</subfield></datafield><datafield ind1="1" ind2=" " tag="775"><subfield code="t">Huntington herald (Huntington, Ind. : Weekly : 1908)</subfield><subfield code="w">(DLC)sn 86058802</subfield><subfield code="w">(OCoLC)14701713</subfield></datafield><datafield ind1="1" ind2=" " tag="775"><subfield code="t">Huntington herald (Huntington, Ind. : Mid-weekly ed.)</subfield><subfield code="w">(DLC)sn 86058931</subfield><subfield code="w">(OCoLC)14702020</subfield></datafield><datafield ind1="0" ind2="0" tag="780"><subfield code="t">Daily evening herald (Huntington, Ind.)</subfield><subfield code="w">(DLC)sn 82014719</subfield></datafield><datafield ind1="1" ind2="7" tag="785"><subfield code="t">Morning herald (Huntington, Ind.)</subfield><subfield code="w">(DLC)sn 86058929</subfield><subfield code="w">(OCoLC)14702087</subfield></datafield><datafield ind1="1" ind2="7" tag="785"><subfield code="t">Morning times-Democrat</subfield><subfield code="w">(DLC)sn 87056703</subfield></datafield><datafield ind1="1" ind2="7" tag="785"><subfield code="t">Huntington herald (Huntington, Ind. : Daily)</subfield><subfield code="w">(DLC)sn 86058926</subfield><subfield code="w">(OCoLC)14702178</subfield></datafield><datafield ind1="1" ind2=" " tag="029"><subfield code="a">AU@</subfield><subfield code="b">000020452317</subfield></datafield></record>